@article{youssef2023puredata,
  author  = {Saul Youssef},
  title   = {Pure Data Foundation of Mathematics and Computing},
  journal = {arXiv preprint arXiv:2305.05507},
  year    = {2023},
  url     = {https://arxiv.org/abs/2305.05507}
}